% Encoding: UTF-8

@InProceedings{Caruccio:2016:DRF:2938503.2938519,
  author    = {Caruccio, Loredana and Deufemia, Vincenzo and Polese, Giuseppe},
  title     = {On the Discovery of Relaxed Functional Dependencies},
  booktitle = {Proceedings of the 20th International Database Engineering \& Applications Symposium},
  year      = {2016},
  series    = {IDEAS '16},
  pages     = {53--61},
  address   = {New York, NY, USA},
  publisher = {ACM},
  acmid     = {2938519},
  doi       = {10.1145/2938503.2938519},
  isbn      = {978-1-4503-4118-9},
  keywords  = {Database integration, approximate match, discovery algorithm, functional dependency},
  location  = {Montreal, QC, Canada},
  numpages  = {9},
  url       = {http://doi.acm.org/10.1145/2938503.2938519},
}

@Article{7219433,
  author   = {L. Caruccio and V. Deufemia and G. Polese},
  title    = {Relaxed Functional Dependencies #x2014;A Survey of Approaches},
  journal  = {IEEE Transactions on Knowledge and Data Engineering},
  year     = {2016},
  volume   = {28},
  number   = {1},
  pages    = {147-165},
  month    = {Jan},
  doi      = {10.1109/TKDE.2015.2472010},
  issn     = {1041-4347},
  keywords = {data integrity;pattern classification;query processing;canonical functional dependency;classification criteria;data cleaning;data inconsistency;database operation;query relaxation;record matching;relaxed functional dependency;semantic relationship;semantically related data pattern;Cardiology;Computational fluid dynamics;Context;Databases;Nervous system;Semantics;XML;Functional dependencies;approximate match;axiomatization;data quality},
}

@Book{russell2003artificial,
  title     = {Artificial intelligence: a modern approach},
  publisher = {Prentice hall Upper Saddle River},
  year      = {2003},
  author    = {Russell, Stuart Jonathan and Norvig, Peter and Canny, John F and Malik, Jitendra M and Edwards, Douglas D},
  volume    = {2},
}

@Comment{jabref-meta: databaseType:bibtex;}
